@article{Martin:1994,
    author      = 	{R. Martin},
    title       = 	{O{O} {D}esign {Q}uality {M}etrics : an {A}nalysis of {D}ependencies},
    year        =	{\textbf{1994}}
}

@article{HyryLepp:2009,
    author  =       {S. Hyrynsalmi and V. Leppanen},
    title   =       {A {V}alidation of {M}artin’s {M}etric},
    year    =       {\textbf{2009}}
}

@book{Martin:2003,
    author      =   {R. Martin},
    title       =   {Agile {S}oftware {D}evelopment - {P}rinciples, {P}atterns and {P}ractices},
    publisher   =   {Pearson Education},
    year        =   {\textbf{2003}}
}

@book{Booch:1991,
    author      =   {G. Booch},
    title       =   {Object-{O}riented {A}nalysis and {D}esign with {A}pplications},
    publisher   =   {Addison-Wesley},
    year        =   {\textbf{1991}}
}

@book{TsuiKaram:2009,
    author      =   {F. Tsui and O. Karam},
    title       =   {Essentials of {S}oftware engineering}, 
    publisher   =   {Jones ans Barnett Publishers},
    chapter     =   {8},
    year        =   {\textbf{2009}}
}

@book{Pressman:2000,
    author      =   {R. Pressman},
    title       =   {Software engineering, A practitioner's approach}, 
    publisher   =   {Jones ans Barnett Publishers},
    chapter     =   {23},
    year        =   {\textbf{2000}}
}

@article{BUmetric:2016,
    author  =   {S. Vlajic and M. Milic and V. Stanojevic and D. Savic and R. Lazovic},
    title   =   {Improving {R}obert {C}. {M}artin’s {S}tability software metric},
    year    =   {\textbf{2016}}
}

@article{KaurShar:2015,
    author  =   {G. Kaur and D. Sharma},
    title   =   {A Study on {R}obert {C}. {M}artin’s {M}etrics for {P}acket {C}ategorization {U}sing {F}uzzy {L}ogic},
    journal =   {International Journal of Hybrid Information Technology},
    year    =   {\textbf{2015}}
}

@article{ChidamberKemerer:1994,
    author  =   {S. Chidamber and C. Kemerer},
    title   =   {A {M}etrics {S}uite for {O}bject {O}riented {D}esign},
    journal =   {I{EEE} {T}ransactions on {S}oftware {E}ngineering},
    year    =   {\textbf{1994}}
}

@book{Spinellis:2006,
    author  =   {Diomidis Spinellis},
    title   =   {Code {Q}uality: {T}he {O}pen {S}ource {P}erspective},
    chapter =   {7},
    publisher   =   {Addison Wesley},
    year    =   {\textbf{2006}},
}

@article{AndersonVestergren:2014,
    author = {Magnus Andersson and Patrik Vestergren},
    title  = {Object-{O}riented {D}esign {Q}uality {M}etrics},
    year   = {2004}
}

@book{GoF:1994,
    author      =   {E. Gamma and J. Vlissides and R. E. Johnson and R. Helm},
    title       =   {Design {P}atterns: {E}lements of {R}eusable {O}bject-{O}riented {S}oftware}, 
    publisher   =   {Addison-Wesley},
    year        =   {\textbf{1994}}
}
